@online{rabbitmq,
  title = {RabbitMQ Official Site},
  url   = {https://www.rabbitmq.com}
}